@article{greshake2014opensnp,
  title={openSNP--a crowdsourced web resource for personal genomics},
  author={Greshake, Bastian and Bayer, Philipp E and Rausch, Helge and Reda, Julia},
  journal={PloS one},
  volume={9},
  number={3},
  pages={e89204},
  year={2014},
  publisher={Public Library of Science San Francisco, USA}
}

@article{mason2014high,
  title={High-resolution molecular karyotyping uncovers pairing between ancestrally related Brassica chromosomes},
  author={Mason, Annaliese S and Batley, Jacqueline and Bayer, Philipp Emanuel and Hayward, Alice and Cowling, Wallace A and Nelson, Matthew N},
  journal={New Phytologist},
  volume={202},
  number={3},
  pages={964--974},
  year={2014}
}

@inproceedings{golicz2012characterising,
  title={Characterising diversity in the Brassica genomes},
  author={Golicz, Agnieszka A and Bayer, Philipp E and Martinez, Paula Andrea and Lai, Kaitao and Lorenc, Michal T and Alamery, Salman and Hayward, Alice and Tollenaere, Reece and Batley, Jacqueline and Edwards, David and others},
  booktitle={VI International Symposium on Brassicas and XVIII Crucifer Genetics Workshop 1005},
  pages={33--47},
  year={2012}
}

@article{lai2015identification,
  title={Identification and characterization of more than 4 million intervarietal SNP s across the group 7 chromosomes of bread wheat},
  author={Lai, Kaitao and Lorenc, Micha{\l} T and Lee, Hong Ching and Berkman, Paul J and Bayer, Philipp Emanuel and Visendi, Paul and Ruperao, Pradeep and Fitzgerald, Timothy L and Zander, Manuel and Chan, Chon-Kit Kenneth and others},
  journal={Plant biotechnology journal},
  volume={13},
  number={1},
  pages={97--104},
  year={2015}
}

@article{dattolo2013acclimation,
  title={Acclimation to different depths by the marine angiosperm Posidonia oceanica: transcriptomic and proteomic profiles},
  author={Dattolo, Emanuela and Gu, Jenny and Bayer, Philipp Emanuel and Mazzuca, Silvia and Serra, Ilia Anna and Spadafora, Antonia and Bernardo, Letizia and Natali, Lucia and Cavallini, Andrea and Procaccini, Gabriele},
  journal={Frontiers in plant science},
  volume={4},
  pages={195},
  year={2013},
  publisher={Frontiers}
}

@article{chalhoub2014early,
  title={Early allopolyploid evolution in the post-Neolithic Brassica napus oilseed genome},
  author={Chalhoub, Boulos and Denoeud, France and Liu, Shengyi and Parkin, Isobel AP and Tang, Haibao and Wang, Xiyin and Chiquet, Julien and Belcram, Harry and Tong, Chaobo and Samans, Birgit and others},
  journal={science},
  volume={345},
  number={6199},
  pages={950--953},
  year={2014},
  publisher={American Association for the Advancement of Science}
}

@incollection{golicz2015skim,
  title={Skim-based genotyping by sequencing},
  author={Golicz, Agnieszka A and Bayer, Philipp E and Edwards, David},
  booktitle={Plant genotyping},
  pages={257--270},
  year={2015},
  publisher={Humana Press, New York, NY}
}

@incollection{bayer2016skim,
  title={Skim-Based Genotyping by Sequencing Using a Double Haploid Population to Call SNPs, Infer Gene Conversions, and Improve Genome Assemblies},
  author={Bayer, Philipp Emanuel},
  booktitle={Plant Bioinformatics},
  pages={285--292},
  year={2016},
  publisher={Humana Press, New York, NY}
}

@article{mason2016centromere,
  title={Centromere locations in Brassica A and C genomes revealed through half-tetrad analysis},
  author={Mason, Annaliese S and Rousseau-Gueutin, Mathieu and Morice, J{\'e}r{\^o}me and Bayer, Philipp E and Besharat, Naghmeh and Cousin, Anouska and Pradhan, Aneeta and Parkin, Isobel AP and Ch{\`e}vre, Anne-Marie and Batley, Jacqueline and others},
  journal={Genetics},
  volume={202},
  number={2},
  pages={513--523},
  year={2016},
  publisher={Oxford University Press}
}

@article{visendi2016efficient,
  title={An efficient approach to BAC based assembly of complex genomes},
  author={Visendi, Paul and Berkman, Paul J and Hayashi, Satomi and Golicz, Agnieszka A and Bayer, Philipp E and Ruperao, Pradeep and Hurgobin, Bhavna and Montenegro, Juan and Chan, Chon-Kit Kenneth and Sta{\v{n}}kov{\'a}, Helena and others},
  journal={Plant Methods},
  volume={12},
  number={1},
  pages={1--9},
  year={2016},
  publisher={BioMed Central}
}

@incollection{bayer2016genomics,
  title={Genomics of Salinity},
  author={Bayer, Philipp Emanuel},
  booktitle={Plant Genomics and Climate Change},
  pages={179--194},
  year={2016},
  publisher={Springer, New York, NY}
}

@article{lee2016genome,
  title={The genome of a southern hemisphere seagrass species (Zostera muelleri)},
  author={Lee, HueyTyng and Golicz, Agnieszka A and Bayer, Philipp E and Jiao, Yuannian and Tang, Haibao and Paterson, Andrew H and Sablok, Gaurav and Krishnaraj, Rahul R and Chan, Chon-Kit Kenneth and Batley, Jacqueline and others},
  journal={Plant physiology},
  volume={172},
  number={1},
  pages={272--283},
  year={2016},
  publisher={American Society of Plant Biologists}
}

@article{barash2016candidate,
  title={Candidate gene scan for Single Nucleotide Polymorphisms involved in the determination of normal variability in human craniofacial morphology},
  author={Barash, Mark and Bayer, Philipp E and van Daal, Angela},
  journal={bioRxiv},
  pages={060814},
  year={2016},
  publisher={Cold Spring Harbor Laboratory}
}

@article{hane2017comprehensive,
  title={A comprehensive draft genome sequence for lupin (Lupinus angustifolius), an emerging health food: insights into plant--microbe interactions and legume evolution},
  author={Hane, James K and Ming, Yao and Kamphuis, Lars G and Nelson, Matthew N and Garg, Gagan and Atkins, Craig A and Bayer, Philipp E and Bravo, Armando and Bringans, Scott and Cannon, Steven and others},
  journal={Plant biotechnology journal},
  volume={15},
  number={3},
  pages={318--330},
  year={2017}
}

@article{golicz2016pangenome,
  title={The pangenome of an agronomically important crop plant Brassica oleracea},
  author={Golicz, Agnieszka A and Bayer, Philipp E and Barker, Guy C and Edger, Patrick P and Kim, HyeRan and Martinez, Paula A and Chan, Chon Kit Kenneth and Severn-Ellis, Anita and McCombie, W Richard and Parkin, Isobel AP and others},
  journal={Nature communications},
  volume={7},
  number={1},
  pages={1--8},
  year={2016},
  publisher={Nature Publishing Group}
}

@article{gacek2017genome,
  title={Genome-wide association study of genetic control of seed fatty acid biosynthesis in Brassica napus},
  author={Gacek, Katarzyna and Bayer, Philipp E and Bartkowiak-Broda, Iwona and Szala, Laurencja and Bocianowski, Jan and Edwards, David and Batley, Jacqueline},
  journal={Frontiers in plant science},
  volume={7},
  pages={2062},
  year={2017},
  publisher={Frontiers}
}

@article{kaur2017advanced,
  title={An advanced reference genome of Trifolium subterraneum L. reveals genes related to agronomic performance},
  author={Kaur, Parwinder and Bayer, Philipp E and Milec, Zbyn{\v{e}}k and Vr{\'a}na, Jan and Yuan, Yuxuan and Appels, Rudi and Edwards, David and Batley, Jacqueline and Nichols, Phillip and Erskine, William and others},
  journal={Plant Biotechnology Journal},
  volume={15},
  number={8},
  pages={1034--1046},
  year={2017}
}

@article{montenegro2017pangenome,
  title={The pangenome of hexaploid bread wheat},
  author={Montenegro, Juan D and Golicz, Agnieszka A and Bayer, Philipp E and Hurgobin, Bhavna and Lee, HueyTyng and Chan, Chon-Kit Kenneth and Visendi, Paul and Lai, Kaitao and Dole{\v{z}}el, Jaroslav and Batley, Jacqueline and others},
  journal={The Plant Journal},
  volume={90},
  number={5},
  pages={1007--1013},
  year={2017}
}

@article{yuan2017improvements,
  title={Improvements in genomic technologies: application to crop genomics},
  author={Yuan, Yuxuan and Bayer, Philipp E and Batley, Jacqueline and Edwards, David},
  journal={Trends in Biotechnology},
  volume={35},
  number={6},
  pages={547--558},
  year={2017},
  publisher={Elsevier Current Trends}
}

@article{bayer2017assembly,
  title={Assembly and comparison of two closely related Brassica napus genomes},
  author={Bayer, Philipp E and Hurgobin, Bhavna and Golicz, Agnieszka A and Chan, Chon-Kit Kenneth and Yuan, Yuxuan and Lee, HueyTyng and Renton, Michael and Meng, Jinling and Li, Ruiyuan and Long, Yan and others},
  journal={Plant biotechnology journal},
  volume={15},
  number={12},
  pages={1602--1610},
  year={2017}
}

@article{yuan2017runbng,
  title={runBNG: a software package for BioNano genomic analysis on the command line},
  author={Yuan, Yuxuan and Bayer, Philipp E and Lee, Huey-Tyng and Edwards, David},
  journal={Bioinformatics},
  volume={33},
  number={19},
  pages={3107--3109},
  year={2017},
  publisher={Oxford University Press}
}

@article{yuan2017bionanoanalyst,
  title={BioNanoAnalyst: a visualisation tool to assess genome assembly quality using BioNano data},
  author={Yuan, Yuxuan and Bayer, Philipp E and Scheben, Armin and Chan, Chon-Kit Kenneth and Edwards, David},
  journal={BMC bioinformatics},
  volume={18},
  number={1},
  pages={1--9},
  year={2017},
  publisher={BioMed Central}
}

@article{kaur2017climate,
  title={Climate clever clovers: New paradigm to reduce the environmental footprint of ruminants by breeding low methanogenic forages utilizing haplotype variation},
  author={Kaur, Parwinder and Appels, Rudi and Bayer, Philipp E and Keeble-Gagnere, Gabriel and Wang, Jiankang and Hirakawa, Hideki and Shirasawa, Kenta and Vercoe, Philip and Stefanova, Katia and Durmic, Zoey and others},
  journal={Frontiers in Plant Science},
  volume={8},
  pages={1463},
  year={2017},
  publisher={Frontiers}
}

@article{alamery2018genome,
  title={Genome wide identification and comparative analysis of NBS-LRR resistance genes in Brassica napus},
  author={Alamery, Salman and Tirnaz, Soodeh and Bayer, Philipp and Tollenaere, Reece and Chalhoub, Boulos and Edwards, David and Batley, Jacqueline},
  journal={Crop and Pasture Science},
  volume={69},
  number={1},
  pages={79--93},
  year={2018}
}

@article{ruperao2017constructing,
  title={Constructing improved chickpea genome assemblies using skimGBS},
  author={Ruperao, Pradeep and Bayer, Philipp and Kenneth Chan, CK and Hayashi, Satomi and Roorkiwal, Manish and Chitikineni, Anu and Sutton, Tim and Batley, Jacqueline and Varshney, Rajeev K and Edwards, David},
  year={2017}
}

@article{hurgobin2018homoeologous,
  title={Homoeologous exchange is a major cause of gene presence/absence variation in the amphidiploid Brassica napus},
  author={Hurgobin, Bhavna and Golicz, Agnieszka A and Bayer, Philipp E and Chan, Chon-Kit Kenneth and Tirnaz, Soodeh and Dolatabadian, Aria and Schiessl, Sarah V and Samans, Birgit and Montenegro, Juan D and Parkin, Isobel AP and others},
  journal={Plant biotechnology journal},
  volume={16},
  number={7},
  pages={1265--1274},
  year={2018}
}

@article{yuan2017large,
  title={Large-scale structural variation detection in subterranean clover subtypes using optical mapping validated at nucleotide level},
  author={Yuan, Yuxuan and Milec, Zbyn{\v{e}}k and Bayer, Philipp E and Vr{\'a}na, Jan and Dole{\v{z}}el, Jaroslav and Edwards, David and Erskine, William and Kaur, Parwinder},
  journal={bioRxiv},
  pages={232132},
  year={2017},
  publisher={Cold Spring Harbor Laboratory}
}

@article{mousavi2018exploring,
  title={Exploring the genetic and adaptive diversity of a pan-Mediterranean crop wild relative: narrow-leafed lupin},
  author={Mousavi-Derazmahalleh, Mahsa and Bayer, Philipp E and Nevado, Bruno and Hurgobin, Bhavna and Filatov, Dmitry and Kilian, Andrzej and Kamphuis, Lars G and Singh, Karam B and Berger, Jens D and Hane, James K and others},
  journal={Theoretical and Applied Genetics},
  volume={131},
  number={4},
  pages={887--901},
  year={2018},
  publisher={Springer Berlin Heidelberg}
}

@article{schneider2019establishing,
  title={Establishing a distributed national research infrastructure providing bioinformatics support to life science researchers in Australia},
  author={Schneider, Maria Victoria and Griffin, Philippa C and Tyagi, Sonika and Flannery, Madison and Dayalan, Saravanan and Gladman, Simon and Watson-Haigh, Nathan and Bayer, Philipp E and Charleston, Michael and Cooke, Ira and others},
  journal={Briefings in bioinformatics},
  volume={20},
  number={2},
  pages={384--389},
  year={2019},
  publisher={Oxford University Press}
}

@article{mousavi2019adapting,
  title={Adapting legume crops to climate change using genomic approaches},
  author={Mousavi-Derazmahalleh, Mahsa and Bayer, Philipp E and Hane, James K and Valliyodan, Babu and Nguyen, Henry T and Nelson, Matthew N and Erskine, William and Varshney, Rajeev K and Papa, Roberto and Edwards, David},
  journal={Plant, cell \& environment},
  volume={42},
  number={1},
  pages={6--19},
  year={2019}
}

@article{lee2018genomic,
  title={Genomic comparison of two independent seagrass lineages reveals habitat-driven convergent evolution},
  author={Lee, HueyTyng and Golicz, Agnieszka A and Bayer, Philipp E and Severn-Ellis, Anita A and Chan, Chon-Kit Kenneth and Batley, Jacqueline and Kendrick, Gary A and Edwards, David},
  journal={Journal of experimental botany},
  volume={69},
  number={15},
  pages={3689--3702},
  year={2018},
  publisher={Oxford University Press UK}
}

@article{taylor2019indel,
  title={INDEL variation in the regulatory region of the major flowering time gene LanFTc1 is associated with vernalization response and flowering time in narrow-leafed lupin (Lupinus angustifolius L.)},
  author={Taylor, Candy M and Kamphuis, Lars G and Zhang, Weilu and Garg, Gagan and Berger, Jens D and Mousavi-Derazmahalleh, Mahsa and Bayer, Philipp E and Edwards, David and Singh, Karam B and Cowling, Wallace A and others},
  journal={Plant, cell \& environment},
  volume={42},
  number={1},
  pages={174--187},
  year={2019}
}

@article{yuan2018large,
  title={Large-scale structural variation detection in subterranean clover subtypes using optical mapping},
  author={Yuan, Yuxuan and Milec, Zbyn{\v{e}}k and Bayer, Philipp E and Vr{\'a}na, Jan and Dole{\v{z}}el, Jaroslav and Edwards, David and Erskine, William and Kaur, Parwinder},
  journal={Frontiers in plant science},
  volume={9},
  pages={971},
  year={2018},
  publisher={Frontiers}
}

@article{appels2018shifting,
  title={Shifting the limits in wheat research and breeding using a fully annotated reference genome},
  author={Appels, Rudi and Eversole, Kellye and Stein, Nils and Feuillet, Catherine and Keller, Beat and Rogers, Jane and Pozniak, Curtis J and Choulet, Fr{\'e}d{\'e}ric and Distelfeld, Assaf and Poland, Jesse and others},
  journal={Science},
  volume={361},
  number={6403},
  year={2018},
  publisher={American Association for the Advancement of Science}
}

@article{ramirez2018transcriptional,
  title={The transcriptional landscape of polyploid wheat},
  author={Ram{\'\i}rez-Gonz{\'a}lez, RH and Borrill, P and Lang, D and Harrington, SA and Brinton, J and Venturini, L and Davey, M and Jacobs, J and Van Ex, F and Pasha, A and others},
  journal={Science},
  volume={361},
  number={6403},
  year={2018},
  publisher={American Association for the Advancement of Science}
}

@article{mousavi2018western,
  title={The western Mediterranean region provided the founder population of domesticated narrow-leafed lupin},
  author={Mousavi-Derazmahalleh, Mahsa and Nevado, Bruno and Bayer, Philipp E and Filatov, Dmitry A and Hane, James K and Edwards, David and Erskine, William and Nelson, Matthew N},
  journal={Theoretical and Applied Genetics},
  volume={131},
  number={12},
  pages={2543--2554},
  year={2018},
  publisher={Springer Berlin Heidelberg}
}

@article{bayer2019variation,
  title={Variation in abundance of predicted resistance genes in the Brassica oleracea pangenome},
  author={Bayer, Philipp E and Golicz, Agnieszka A and Tirnaz, Soodeh and Chan, Chon-Kit Kenneth and Edwards, David and Batley, Jacqueline},
  journal={Plant biotechnology journal},
  volume={17},
  number={4},
  pages={789--800},
  year={2019}
}

@article{bayer2018bias,
  title={Bias in resistance gene prediction due to repeat masking},
  author={Bayer, Philipp E and Edwards, David and Batley, Jacqueline},
  journal={Nature plants},
  volume={4},
  number={10},
  pages={762--765},
  year={2018},
  publisher={Nature Publishing Group}
}

@article{melonek2019high,
  title={High intraspecific diversity of Restorer-of-fertility-like genes in barley},
  author={Melonek, Joanna and Zhou, Ruonan and Bayer, Philipp E and Edwards, David and Stein, Nils and Small, Ian},
  journal={The Plant Journal},
  volume={97},
  number={2},
  pages={281--295},
  year={2019}
}

@article{inturrisi2018genome,
  title={Genome-wide analysis of NBS-LRR genes in Indian mustard (Brassica juncea) and prediction of candidate disease resistance genes},
  author={Inturrisi, Fabian Carl and Bayer, Philipp E and Yang, Hua and Chan, Chon-Kit Kenneth and Edwards, David and Batley, Jacqueline},
  journal={Phytopathology},
  volume={108},
  number={10},
  pages={111},
  year={2018},
  publisher={AMER PHYTOPATHOLOGICAL SOC}
}

@article{scheben2019cropsnpdb,
  title={CropSNPdb: a database of SNP array data for Brassica crops and hexaploid bread wheat},
  author={Scheben, Armin and Verpaalen, Brent and Lawley, Cynthia T and Chan, Chon-Kit K and Bayer, Philipp E and Batley, Jacqueline and Edwards, David},
  journal={The Plant Journal},
  volume={98},
  number={1},
  pages={142--152},
  year={2019}
}

@article{bayer2015high,
  title={High resolution skim genotyping by sequencing reveals the distribution of crossovers and gene conversions in chickpea and canola},
  author={Bayer, Philipp E and Ruperao, Pradeep and Mason, Annaliese and Stiller, Jiri and Chan, Chon-Kit Kenneth and Hayashi, Satomi and Long, Yan and Meng, Jinling and Sutton, Tim and Visendi, Paul and others},
  journal={Theoretical and Applied Genetics},
  volume={128},
  pages={1039--1047},
  year={2015}
}

@article{anderson2019genome,
  title={Genome-Wide Association Studies in Plants},
  author={Anderson, Robyn and Edwards, David and Batley, Jacqueline and Bayer, Philipp Emanuel},
  journal={eLS},
  pages={1--7},
  year={2019},
  publisher={John Wiley \& Sons, Ltd}
}

@inproceedings{batley2016more,
  title={The more the merrier? Investigating copy number variation in Brassica disease resistance},
  author={Batley, Jacqueline and Dolatabadian, Aria and Yang, Hua and Severn-Ellis, Anita and Alamery, S and Tollenaere, R and Bayer, Philipp and Hurgobin, Bhavna and Golicz, Agnieszka A and Edwards, David},
  booktitle={PAG ASIA 2016},
  year={2016}
}

@inproceedings{dolatabadian2016association,
  title={Association of Copy Number Variation with Qualitative and Quantitative Resistance against Leptosphaeria maculans in Brassica napus},
  author={Dolatabadian, Aria and Batley, Jacqueline and Edwards, Dave and Barbetti, Martin John and Hurgobin, Bhavna and Bayer, Philipp},
  booktitle={Brassica 2016},
  year={2016}
}

@article{tahghighi2019genetic,
  title={Genetic diversity linked to haplotype variation in the world core collection of Trifolium subterraneum for boron toxicity tolerance provides valuable markers for pasture breeding},
  author={Tahghighi, Hediyeh and Erskine, William and Bennett, Richard G and Bayer, Philipp E and Pazos-Navarro, Maria and Kaur, Parwinder},
  journal={Frontiers in plant science},
  volume={10},
  pages={1043},
  year={2019},
  publisher={Frontiers}
}

@article{valliyodan2019construction,
  title={Construction and comparison of three reference-quality genome assemblies for soybean},
  author={Valliyodan, Babu and Cannon, Steven B and Bayer, Philipp E and Shu, Shengqiang and Brown, Anne V and Ren, Longhui and Jenkins, Jerry and Chung, Claire Y-L and Chan, Ting-Fung and Daum, Christopher G and others},
  journal={The Plant Journal},
  volume={100},
  number={5},
  pages={1066--1082},
  year={2019}
}

@article{kreplak2019reference,
  title={A reference genome for pea provides insight into legume genome evolution},
  author={Kreplak, Jonathan and Madoui, Mohammed-Amin and C{\'a}pal, Petr and Nov{\'a}k, Petr and Labadie, Karine and Aubert, Gr{\'e}goire and Bayer, Philipp E and Gali, Krishna K and Syme, Robert A and Main, Dorrie and others},
  journal={Nature Genetics},
  volume={51},
  number={9},
  pages={1411--1422},
  year={2019},
  publisher={Nature Publishing Group}
}

@article{dolatabadian2020characterization,
  title={Characterization of disease resistance genes in the Brassica napus pangenome reveals significant structural variation},
  author={Dolatabadian, Aria and Bayer, Philipp E and Tirnaz, Soodeh and Hurgobin, Bhavna and Edwards, David and Batley, Jacqueline},
  journal={Plant biotechnology journal},
  volume={18},
  number={4},
  pages={969--982},
  year={2020}
}

@inproceedings{zhang2019identification,
  title={Identification of Candidate Resistance Genes Against Blackleg in Brassica napus},
  author={Zhang, Yueqi and Neik, Ting Xiang and Severn-Ellis, Anita and Tirnaz, Soodeh and Bayer, Philipp E and Edwards, David and Batley, Jacqueline},
  booktitle={Plant and Animal Genome XXVII Conference (January 12-16, 2019)},
  year={2019},
  organization={PAG}
}

@inproceedings{scheben2019brassica,
  title={Brassica Pangenomes as a Novel Source of Disease Resistance Genes},
  author={Scheben, Armin and Bayer, Philipp E and Dolatabadian, Aria and Golicz, Agnieszka and Hurgobin, Bhavna and Tirnaz, Soodeh and Chan, Kenneth Chon-Kit and Edwards, David and Batley, Jacqueline},
  booktitle={Plant and Animal Genome XXVII Conference (January 12-16, 2019)},
  year={2019},
  organization={PAG}
}

@inproceedings{zhang2019resistance,
  title={Resistance Genes in Wild Brassicaceae Species},
  author={Zhang, Fangning and Bayer, Philipp E and Tirnaz, Soodeh and Severn-Ellis, Anita and Edwards, David and Batley, Jacqueline},
  booktitle={Plant and Animal Genome XXVII Conference (January 12-16, 2019)},
  year={2019},
  organization={PAG}
}

@inproceedings{schliebs2019helping,
  title={Helping Biologists Make Sense of Plant Variant and Annotation Data},
  author={Schliebs, Oliver and Scheben, Armin and Verpaalen, Brent and Bayer, Philipp E and Yuan, Yuxuan and Singh, Ajit and Hassani-Pak, Keywan and Chan, Kenneth Chon-Kit and Batley, Jacqueline and Edwards, David},
  booktitle={Plant and Animal Genome XXVII Conference (January 12-16, 2019)},
  year={2019},
  organization={PAG}
}

@article{barash2018identification,
  title={Identification of the Single Nucleotide Polymorphisms Affecting Normal Phenotypic Variability in Human Craniofacial Morphology Using Candidate Gene Approach},
  author={Barash, M and Bayer, PE and van Daal, A},
  journal={J Genet Genome Res},
  volume={5},
  pages={041},
  year={2018}
}

@inproceedings{bayer2019plant,
  title={Plant Applications},
  author={Bayer, Philipp E},
  booktitle={Plant and Animal Genome XXVII Conference (January 12-16, 2019)},
  year={2019},
  organization={PAG}
}

@article{golicz2020pangenomics,
  title={Pangenomics comes of age: from bacteria to plant and animal applications},
  author={Golicz, Agnieszka A and Bayer, Philipp E and Bhalla, Prem L and Batley, Jacqueline and Edwards, David},
  journal={Trends in Genetics},
  volume={36},
  number={2},
  pages={132--145},
  year={2020},
  publisher={Elsevier Current Trends}
}

@incollection{anderson2020method,
  title={Method for Genome-Wide Association Study: A Soybean Example},
  author={Anderson, Robyn and Fernandez, Cassandria Tay and Yuan, Yuxuan and Golicz, Agnieszka A and Edwards, David and Bayer, Philipp E},
  booktitle={Legume Genomics},
  pages={147--158},
  year={2020},
  publisher={Humana, New York, NY}
}

@incollection{hu2020legume,
  title={Legume pangenome construction using an iterative mapping and assembly approach},
  author={Hu, Haifei and Yuan, Yuxuan and Bayer, Philipp E and Fernandez, Cassandria T and Scheben, Armin and Golicz, Agnieszka A and Edwards, David},
  booktitle={Legume Genomics},
  pages={35--47},
  year={2020},
  publisher={Humana, New York, NY}
}

@article{taylor2019genome,
  title={Genome-wide association to explore the genetic regulation of flowering time in narrow-leafed lupin (Lupinus angustifolius L.)},
  author={Taylor, Candy M and Kamphuis, Lars G and Nelson, Matthew N and Berger, Jens D and Stefanova, Katia and Mousavi-Derazmahalleh, Mahsa and Bayer, Philipp E and Cowling, Wallace A},
  journal={Dissecting the genetic control of flowering time for improved phenological adaptation in narrow-leafed lupin (Lupinus angustifolius L.)},
  pages={117},
  year={2019}
}

@article{danilevicz2020plant,
  title={Plant pangenomics: approaches, applications and advancements},
  author={Danilevicz, Monica Furaste and Fernandez, Cassandria Geraldine Tay and Marsh, Jacob Ian and Bayer, Philipp Emanuel and Edwards, David},
  journal={Current opinion in plant biology},
  volume={54},
  pages={18--25},
  year={2020},
  publisher={Elsevier Current Trends}
}

@inproceedings{neik2018comparative,
  title={Comparative Genome Analysis of Blackleg Resistant and Susceptible Genes in Brassica napus using Whole Genome Re-Sequencing},
  author={Neik, Ting Xiang and Barbetti, Martin J and Bayer, Philipp E and Chan, Chon-Kit Kenneth and Severn-Ellis, Anita and Edwards, David and Batley, Jacqueline},
  booktitle={Plant and Animal Genome XXVI Conference (January 13-17, 2018)},
  year={2018},
  organization={PAG}
}

@inproceedings{yuan2019fast,
  title={A Fast and Efficient Long-Read Genome Assembly Approach for Large and Complex Genomes},
  author={Yuan, Yuxuan and Anderson, Robyn and Bayer, Philipp E and Lee, Jenny HueyTyng and Chan, Chon-Kit Kenneth and Edwards, David},
  booktitle={Plant and Animal Genome XXVII Conference (January 12-16, 2019)},
  year={2019},
  organization={PAG}
}

@article{zhao2020trait,
  title={Trait associations in the pangenome of pigeon pea (Cajanus cajan)},
  author={Zhao, Junliang and Bayer, Philipp E and Ruperao, Pradeep and Saxena, Rachit K and Khan, Aamir W and Golicz, Agnieszka A and Nguyen, Henry T and Batley, Jacqueline and Edwards, David and Varshney, Rajeev K},
  journal={Plant biotechnology journal},
  volume={18},
  number={9},
  pages={1946--1954},
  year={2020}
}

@inproceedings{dolatabadian2019characterisation,
  title={Characterisation of Resistance Genes in the Brassica napus Pangenome},
  author={Dolatabadian, Aria and Bayer, Philipp E and Tirnaz, Soodeh and Hurgobin, Bhavna and Edwards, David and Batley, Jacqueline},
  booktitle={Plant and Animal Genome XXVII Conference (January 12-16, 2019)},
  year={2019},
  organization={PAG}
}

@inproceedings{inturrisi2018genometalk,
  title={Genome-Wide Analysis of NBS-LRR Genes in the Brassicaceae and Applications for Breeding},
  author={Inturrisi, Fabian C and Tirnaz, Soodeh and Bayer, Philipp E and Neik, Ting Xiang and Yang, Hua and Dolatabadian, Aria and Zhang, Fangning and Ibrahim, Muhammad Ishaq and Severn-Ellis, Anita A and Patel, Dhwani A and others},
  booktitle={Plant and Animal Genome XXVI Conference (January 13-17, 2018)},
  year={2018},
  organization={PAG}
}

@inproceedings{bayer2018fast,
  title={A Fast Long-Read Assembly Method for the Wheat Genome},
  author={Bayer, Philipp E and Chan, Chon-Kit Kenneth and Lee, HueyTyng and Yuan, Yuxuan and Edwards, David},
  booktitle={Plant and Animal Genome XXVI Conference (January 13-17, 2018)},
  year={2018},
  organization={PAG}
}

@inproceedings{yuan2019bionano,
  title={Bionano Data Analysis on the Command Line and Genome Assembly Quality Assessment using a GUI},
  author={Yuan, Yuxuan and Bayer, Philipp E and Lee, Jenny HueyTyng and Scheben, Armin and Chan, Chon-Kit Kenneth and Edwards, David},
  booktitle={Plant and Animal Genome XXVII Conference (January 12-16, 2019)},
  year={2019},
  organization={PAG}
}

@article{gacek2019identyfikacja,
  title={Identyfikacja genetycznych podstaw procesu kie{\l}kowania w nasionach rzepaku (Brassica napus L.) z wykorzystaniem mapowania genetycznego},
  author={Gacek, Katarzyna and Bartkowiak-Broda, Iwona and Szala, Laurencja and Cegielska-Taras, Teresa and Bayer, Philipp E and Edwards, David and Batley, Jacqueline and Penfield, Steven},
  journal={Biuletyn Instytutu Hodowli i Aklimatyzacji Ro{\'s}lin},
  number={287},
  pages={23--24},
  year={2019}
}

@article{yuan2020refka,
  title={RefKA: A fast and efficient long-read genome assembly approach for large and complex genomes},
  author={Yuan, Yuxuan and Bayer, Philipp E and Anderson, Robyn and Lee, HueyTyng and Chan, Chon-Kit Kenneth and Zhao, Ruolan and Batley, Jacqueline and Edwards, David},
  journal={bioRxiv},
  year={2020},
  publisher={Cold Spring Harbor Laboratory}
}

@inproceedings{kreplak2018pisum,
  title={The Pisum Genus: Getting out of Pea Soup!},
  author={Kreplak, Jonathan and Madoui, Mohammed-Amin and Labadie, Karine and Aubert, Gr{\'e}goire and Capal, Petr and Bayer, Philipp E and Novak, Petr and Klein, Anthony and Gali, Krishna Kishore and Fournier, Cyril and others},
  booktitle={Plant and Animal Genome XXVI Conference (January 13-17, 2018)},
  year={2018},
  organization={PAG}
}

@article{bayer2020plant,
  title={Plant pan-genomes are the new reference},
  author={Bayer, Philipp E and Golicz, Agnieszka A and Scheben, Armin and Batley, Jacqueline and Edwards, David},
  journal={Nature plants},
  volume={6},
  number={8},
  pages={914--920},
  year={2020},
  publisher={Nature Publishing Group}
}

@article{tirnaz2020effect,
  title={Effect of Leptosphaeria maculans infection on promoter DNA methylation of defence genes in Brassica napus},
  author={Tirnaz, Soodeh and Merce, Clementine and Bayer, Philipp E and Severn-Ellis, Anita A and Edwards, David and Batley, Jacqueline},
  journal={Agronomy},
  volume={10},
  number={8},
  pages={1072},
  year={2020},
  publisher={Multidisciplinary Digital Publishing Institute}
}

@article{inturrisi2020genome,
  title={Genome-wide identification and comparative analysis of resistance genes in Brassica juncea},
  author={Inturrisi, Fabian and Bayer, Philipp E and Yang, Hua and Tirnaz, Soodeh and Edwards, David and Batley, Jacqueline},
  journal={Molecular Breeding},
  volume={40},
  number={8},
  pages={1--14},
  year={2020},
  publisher={Springer Netherlands}
}

@article{tirnaz2020resistance,
  title={Resistance gene analogs in the Brassicaceae: Identification, characterization, distribution, and evolution},
  author={Tirnaz, Soodeh and Bayer, Philipp E and Inturrisi, Fabian and Zhang, Fangning and Yang, Hua and Dolatabadian, Aria and Neik, Ting X and Severn-Ellis, Anita and Patel, Dhwani A and Ibrahim, Muhammad I and others},
  journal={Plant physiology},
  volume={184},
  number={2},
  pages={909--922},
  year={2020},
  publisher={American Society of Plant Biologists}
}

@article{gacek2019poznanie,
  title={Poznanie genetyczne regulacji cech wp{\l}ywaj{\k{a}}cych na warto{\'s}{\'c} paszow{\k{a}} bia{\l}ka w nasionach rzepaku ozimego przy u{\.z}yciu mapowania genetycznego},
  author={Gacek, KATARZYNA and Walko, J and Dobrzycka, AGNIESZKA and Szala, L and Bartkowiak-Broda, IWONA and Bocianowski, J and Bayer, PHILIPP E and Edwards, DAVID and Batley, JACQUELINE},
  journal={Biuletyn Instytutu Hodowli i Aklimatyzacji Ro{\'s}lin},
  number={285},
  year={2019},
  publisher={-}
}

@article{merce2020induced,
  title={Induced methylation in plants as a crop improvement tool: progress and perspectives},
  author={Merc{\'e}, Cl{\'e}mentine and Bayer, Philipp E and Tay Fernandez, Cassandria and Batley, Jacqueline and Edwards, David},
  journal={Agronomy},
  volume={10},
  number={10},
  pages={1484},
  year={2020},
  publisher={Multidisciplinary Digital Publishing Institute}
}

@inproceedings{hu2020amborella,
  title={The Amborella Pangenome Suggests Gene Presence/Absence Variation Is Associated with Environmental Adaptation},
  author={Hu, Haifei and Scheben, Armin and Verpaalen, Brent and Tirnaz, Soodeh and Bayer, Philipp E and Hodel, Richard GJ and Batley, Jacqueline and Soltis, Douglas E and Soltis, Pamela S and Edwards, David},
  booktitle={Plant and Animal Genome XXVIII Conference (January 11-15, 2020)},
  year={2020},
  organization={PAG}
}

@article{bayer2021machine,
  title={Machine learning in agriculture: from silos to marketplaces},
  author={Bayer, Philipp E and Edwards, David},
  journal={Plant Biotechnology Journal},
  volume={19},
  number={4},
  pages={648},
  year={2021},
  publisher={Wiley-Blackwell}
}

@article{li2021assembly,
  title={Assembly of the non-heading pak choi genome and comparison with the genomes of heading Chinese cabbage and the oilseed yellow sarson},
  author={Li, Peirong and Su, Tongbing and Zhao, Xiuyun and Wang, Weihong and Zhang, Deshuang and Yu, Yangjun and Bayer, Philipp E and Edwards, David and Yu, Shuancang and Zhang, Fenglan},
  journal={Plant biotechnology journal},
  volume={19},
  number={5},
  pages={966--976},
  year={2021}
}

@incollection{danilevicz2021high,
  title={High-Throughput Genotyping Technologies in Plant Taxonomy},
  author={Danilevicz, Monica F and Fernandez, Cassandria G Tay and Marsh, Jacob I and Bayer, Philipp E and Edwards, David},
  booktitle={Molecular Plant Taxonomy},
  pages={149--166},
  year={2021},
  publisher={Humana, New York, NY}
}

@inproceedings{bayer2019bias,
  title={Bias in Disease Resistance Gene Studies Due to Repeatmasking},
  author={Bayer, Philipp E and Edwards, David and Batley, Jacqueline},
  booktitle={Plant and Animal Genome XXVII Conference (January 12-16, 2019)},
  year={2019},
  organization={PAG}
}

@inproceedings{bayer2020predicting,
  title={Predicting Gene Loss in Plants-Lessons Learned from Laptop-Scale Data},
  author={Bayer, Philipp E and Batley, Jacqueline and Edwards, David},
  booktitle={Plant and Animal Genome XXVIII Conference (January 11-15, 2020)},
  year={2020},
  organization={PAG}
}

@article{yang2020genome,
  title={Genome-Wide Identification and Evolution of Receptor-Like Kinases (RLKs) and Receptor like Proteins (RLPs) in Brassica juncea. Biology 2021, 10, 17},
  author={Yang, H and Bayer, PE and Tirnaz, S and Edwards, D and Batley, J},
  year={2020},
  publisher={Agronomy}
}

@article{zhang2020frontiers,
  title={Frontiers in dissecting and managing Brassica diseases: from reference-based RGA candidate identification to building pan-RGAomes},
  author={Zhang, Yueqi and Thomas, William and Bayer, Philipp E and Edwards, David and Batley, Jacqueline},
  journal={International Journal of Molecular Sciences},
  volume={21},
  number={23},
  pages={8964},
  year={2020},
  publisher={Multidisciplinary Digital Publishing Institute}
}

@article{valliyodan2021genetic,
  title={Genetic variation among 481 diverse soybean accessions, inferred from genomic re-sequencing},
  author={Valliyodan, Babu and Brown, Anne V and Wang, Juexin and Patil, Gunvant and Liu, Yang and Otyama, Paul I and Nelson, Rex T and Vuong, Tri and Song, Qijian and Musket, Theresa A and others},
  journal={Scientific data},
  volume={8},
  number={1},
  pages={1--9},
  year={2021},
  publisher={Nature Publishing Group}
}

@inproceedings{khan2019walking,
  title={Walking on the Wild Side using Pangenomics for Accelerated Crop Improvement in Chickpea},
  author={Khan, Aamir W and Garg, Vanika and Roorkiwal, Manish and Bayer, Philipp E and Thudi, Mahendar and Chitikineni, Annapurna and Upadhyaya, Hari D and Nguyen, Henry T and Edwards, David and Varshney, Rajeev K},
  booktitle={Plant and Animal Genome XXVII Conference (January 12-16, 2019)},
  year={2019},
  organization={PAG}
}

@article{niehrsgenome,
  title={Genome of the Month},
  author={Niehrs, Christof and Calkhoven, Cornelis F and Goodman, Lindsey D and Bonini, Nancy M and Cleves, Phillip A and Shumaker, Alexander and Lee, JunMo and Putnam, Hollie M and Bhattacharya, Debashish and Kuo, Molly E and others}
}

@article{furaste2020plant,
  title={Plant pangenomics: approaches, applications and advancements},
  author={Furaste Danilevicz, Monica and Danilevicz, Monica Furaste and Tay Fernandez, Cassandria Geraldine and Marsh, Jacob Ian and Bayer, Philipp Emanuel and Edwards, David},
  year={2020}
}

@article{yang2021candidate,
  title={Candidate Rlm6 resistance genes against Leptosphaeria. maculans identified through a genome-wide association study in Brassica juncea (L.) Czern},
  author={Yang, Hua and Saad, Nur Shuhadah Mohd and Ibrahim, Muhammad Ishaq and Bayer, Philipp E and Neik, Ting Xiang and Severn-Ellis, Anita A and Pradhan, Aneeta and Tirnaz, Soodeh and Edwards, David and Batley, Jacqueline},
  journal={Theoretical and Applied Genetics},
  pages={1--16},
  year={2021},
  publisher={Springer Berlin Heidelberg}
}

@article{khan2019w529,
  title={W529: Walking on the wild side using pangenomics for accelerated crop improvement in chickpea},
  author={Khan, AW and Garg, V and Roorkiwal, M and Bayer, PE and Thudi, M and Chitikineni, A and Upadhaya, HD and Nguyen, HT and Edwards, D and Varshney, RK},
  year={2019}
}

@inproceedings{rijzaani11pangenome,
  title={A Pangenome for Banana},
  author={Rijzaani, Habib and Bayer, Philipp E and Tirnaz, Soodeh and Batley, Jacqueline and Edwards, David},
  booktitle={Plant and Animal Genome XXVIII Conference (January 11-15, 2020)},
  organization={PAG}
}

@article{yuan2021current,
  title={Current status of structural variation studies in plants},
  author={Yuan, Yuxuan and Bayer, Philipp E and Batley, Jacqueline and Edwards, David},
  journal={Plant Biotechnology Journal},
  volume={19},
  number={11},
  pages={2153--2163},
  year={2021}
}

@article{anderson2020climate,
  title={Climate change and the need for agricultural adaptation},
  author={Anderson, Robyn and Bayer, Philipp E and Edwards, David},
  journal={Current opinion in plant biology},
  volume={56},
  pages={197--202},
  year={2020},
  publisher={Elsevier Current Trends}
}

@inproceedings{tirnaz2020identification,
  title={Identification of Candidate Resistance Genes Against Blackleg in Brassica napus},
  author={Tirnaz, Soodeh and Zhang, Yueqi and Neik, Ting Xiang and Severn-Ellis, Anita and Bayer, Philipp E and Edwards, David and Batley, Jacqueline},
  booktitle={Plant and Animal Genome XXVIII Conference (January 11-15, 2020)},
  year={2020},
  organization={PAG}
}

@article{bayer2021sequencing,
  title={Sequencing the USDA core soybean collection reveals gene loss during domestication and breeding},
  author={Bayer, Philipp E and Valliyodan, Babu and Hu, Haifei and Marsh, Jacob I and Yuan, Yuxuan and Vuong, Tri D and Patil, Gunvant and Song, Qijian and Batley, Jacqueline and Varshney, Rajeev K and others},
  journal={The Plant Genome (TSI)},
  pages={1--12},
  year={2021},
  publisher={Wiley}
}

@article{danilevicz2021resources,
  title={Resources for image-based high-throughput phenotyping in crops and data sharing challenges},
  author={Danilevicz, Monica F and Bayer, Philipp E and Nestor, Benjamin J and Bennamoun, Mohammed and Edwards, David},
  journal={Plant physiology},
  volume={187},
  number={2},
  pages={699--715},
  year={2021},
  publisher={Oxford University Press}
}

@article{ewere2021marine,
  title={Marine heatwaves have minimal influence on the quality of adult Sydney rock oyster flesh},
  author={Ewere, Endurance E and Rosic, Nedeljka and Bayer, Philipp E and Ngangbam, Ajit and Edwards, David and Kelaher, Brendan P and Mamo, Lea T and Benkendorff, Kirsten},
  journal={Science of The Total Environment},
  volume={795},
  pages={148846},
  year={2021},
  publisher={Elsevier}
}

@inproceedings{tirnaz11characterisation,
  title={Characterisation of DNA Methylation Status in Brassica napus in Response to Leptosphaeria maculans},
  author={Tirnaz, Soodeh and Merce, Clementine and Severn-Ellis, Anita and Bayer, Philipp E and Edwards, David and Batley, Jacqueline},
  booktitle={Plant and Animal Genome XXVIII Conference (January 11-15, 2020)},
  organization={PAG}
}

@inproceedings{tirnaz11genome,
  title={Genome-Wide Identification of Resistance Gene Analogs in the Brassicaceae},
  author={Tirnaz, Soodeh and Bayer, Philipp E and Inturrisi, Fabian C and Zhang, Fangning and Yang, Hua and Dolatabadian, Aria and Neik, Ting Xiang and Severn-Ellis, Anita and Pradhan, Aneeta and Edwards, David and others},
  booktitle={Plant and Animal Genome XXVIII Conference (January 11-15, 2020)},
  organization={PAG}
}

@article{rijzaani2021pangenome,
  title={The pangenome of banana highlights differences between genera and genomes},
  author={Rijzaani, Habib and Bayer, Philipp E and Rouard, Mathieu and Dole{\v{z}}el, Jaroslav and Batley, Jacqueline and Edwards, David},
  journal={The Plant Genome},
  year={2021},
  publisher={Wiley}
}

@article{bayer2021application,
  title={The application of pangenomics and machine learning in genomic selection in plants},
  author={Bayer, Philipp E and Petereit, Jakob and Danilevicz, Monica Furaste and Anderson, Robyn and Batley, Jacqueline and Edwards, David},
  journal={The Plant Genome},
  pages={e20112},
  year={2021}
}

@article{vranken2021genotype,
  title={Genotype-environment mismatch of kelp forests under climate change},
  author={Vranken, Sofie and Wernberg, Thomas and Scheben, Armin and Severn-Ellis, Anita and Batley, Jacqueline and Bayer, Philipp Emanuel and Edwards, David and Wheeler, David and Coleman, Melinda Ann},
  journal={Molecular Ecology},
  year={2021}
}

@article{bayer2021modelling,
  title={Modelling of gene loss propensity in the pangenomes of three Brassica species suggests different mechanisms between polyploids and diploids},
  author={Bayer, Philipp E and Scheben, Armin and Golicz, Agnieszka A and Yuan, Yuxuan and Faure, Sebastien and Lee, HueyTyng and Chawla, Harmeet Singh and Anderson, Robyn and Bancroft, Ian and Raman, Harsh and others},
  journal={Plant Biotechnology Journal},
  year={2021}
}

@article{hu2021amborella,
  title={Amborella gene presence/absence variation is associated with abiotic stress responses that may contribute to environmental adaptation},
  author={Hu, Haifei and Scheben, Armin and Verpaalen, Brent and Tirnaz, Soodeh and Bayer, Philipp E and Hodel, Richard GJ and Batley, Jacqueline and Soltis, Douglas E and Soltis, Pamela S and Edwards, David},
  journal={New Phytologist},
  year={2021}
}

@article{ramsay2021genomic,
  title={Genomic rearrangements have consequences for introgression breeding as revealed by genome assemblies of wild and cultivated lentil species},
  author={Ramsay, Larissa and Koh, Chu Shin and Kagale, Sateesh and Gao, Dongying and Kaur, Sukhjiwan and Haile, Teketel and Gela, Tadesse S and Chen, Li-An and Cao, Zhe and Konkin, David J and others},
  journal={bioRxiv},
  year={2021},
  publisher={Cold Spring Harbor Laboratory}
}

@article{gacek2021qtl,
  title={QTL Genetic Mapping Study for Traits Affecting Meal Quality in Winter Oilseed Rape (Brassica Napus L.)},
  author={Gacek, Katarzyna and Bayer, Philipp E and Anderson, Robyn and Severn-Ellis, Anita A and Wolko, Joanna and {\L}opaty{\'n}ska, Agnieszka and Matuszczak, Marcin and Bocianowski, Jan and Edwards, David and Batley, Jacqueline},
  journal={Genes},
  volume={12},
  number={8},
  pages={1235},
  year={2021},
  publisher={Multidisciplinary Digital Publishing Institute}
}

@article{varshney2021fast,
  title={Fast-forward breeding for a food-secure world},
  author={Varshney, Rajeev K and Bohra, Abhishek and Roorkiwal, Manish and Barmukh, Rutwik and Cowling, Wallace A and Chitikineni, Annapurna and Lam, Hon-Ming and Hickey, Lee T and Croser, Janine S and Bayer, Philipp E and others},
  journal={Trends in Genetics},
  year={2021},
  publisher={Elsevier Current Trends}
}

@article{danilevicz2021maize,
  title={Maize yield prediction at an early developmental stage using multispectral images and genotype data for preliminary hybrid selection},
  author={Danilevicz, Monica F and Bayer, Philipp E and Boussaid, Farid and Bennamoun, Mohammed and Edwards, David},
  journal={Remote Sensing},
  volume={13},
  number={19},
  pages={3976},
  year={2021},
  publisher={Multidisciplinary Digital Publishing Institute}
}

@article{marsh2021haplotype,
  title={Haplotype mapping uncovers unexplored variation in wild and domesticated soybean at the major protein locus cqProt-003},
  author={Marsh, Jacob I and Hu, Haifei and Petereit, Jakob and Bayer, Philipp E and Valliyodan, Babu and Batley, Jacqueline and Nguyen, Henry T and Edwards, David},
  journal={bioRxiv},
  year={2021},
  publisher={Cold Spring Harbor Laboratory}
}

