% Exported via Google Scholar and then manually fiddled with
% Encoding: UTF-8
@article{greshake2014opensnp,
  title={OpenSNP--a crowdsourced web resource for personal genomics},
  author={Greshake, Bastian and Bayer, Philipp E and Rausch, Helge and Reda, Julia},
  journal={PLoS One},
  volume={9},
  number={3},
  pages={e89204},
  year={2014},
  publisher={Public Library of Science},
  note={Citations: 26, Impact Factor: 3.057, JCR Multidisciplinary Sciences 11/63 (Q1), Altmetric score: 61}
}

@article{mason2014high,
  title={High-resolution molecular karyotyping uncovers pairing between ancestrally related \textit{Brassica} chromosomes},
  author={Mason, Annaliese S and Batley, Jacqueline and Bayer, Philipp E and Hayward, Alice and Cowling, Wallace A and Nelson, Matthew N},
  journal={New Phytologist},
  note={Citations: 16, Impact Factor: 7.21, JCR Plant Sciences 5/209 (Q1)},
  volume={202},
  number={3},
  pages={964--974},
  year={2014},
  publisher={Wiley Online Library}
}

@article{lai2015identification,
  title={Identification and characterization of more than 4 million intervarietal SNPs across the group 7 chromosomes of bread wheat},
  author={Lai, Kaitao and Lorenc, Micha{\l} T and Lee, Hong Ching and Berkman, Paul J and Bayer, Philipp E and Visendi, Paul and Ruperao, Pradeep and Fitzgerald, Timothy L and Zander, Manuel and Chan, Chon-Kit Kenneth and others},
  journal={Plant Biotechnology Journal},
  note={Citations: 17,  Impact Factor: 6.09, JCR Plant Sciences 11/209 (Q1)},
  volume={13},
  number={1},
  pages={97--104},
  year={2015}
}

@article{dattolo2013acclimation,
  title={Acclimation to different depths by the marine angiosperm \textit{Posidonia oceanica}: transcriptomic and proteomic profiles},
  author={Dattolo, Emanuela and Gu, Jenny and Bayer, Philipp E and Mazzuca, Silvia and Serra, Ilia Anna and Spadafora, Antonia and Bernardo, Letizia and Natali, Lucia and Cavallini, Andrea and Procaccini, Gabriele},
  journal={Frontiers in Plant Science},
  volume={4},
  pages={195},
  year={2013},
  publisher={Frontiers}
}


@article{chalhoub2014early,
  title={Early allopolyploid evolution in the post-Neolithic \textit{Brassica napus} oilseed genome},
  author = {Chalhoub, B. and Denoeud, F. and Liu, S. and Parkin, I. A. P. and Tang, H. and Wang, X. and Chiquet, J. and Belcram, H. and Tong, C. and Samans, B. and Correa, M. and {Da Silva}, C. and Just, J. and Falentin, C. and Koh, C. S. and {Le Clainche}, I. and Bernard, M. and Bento, P. and Noel, B. and Labadie, K. and Alberti, A. and Charles, M. and Arnaud, D. and Guo, H. and Daviaud, C. and Alamery, S. and Jabbari, K. and Zhao, M. and Edger, P. P. and Chelaifa, H. and Tack, D. and Lassalle, G. and Mestiri, I. and Schnel, N. and {Le Paslier}, M.-C. and Fan, G. and Renault, V. and Bayer, P. E. and Golicz, A. A. and Manoli, S. and Lee, T.-H. and Thi, V. H. D. and Chalabi, S. and Hu, Q. and Fan, C. and Tollenaere, R. and Lu, Y. and Battail, C. and Shen, J. and Sidebottom, C. H. D. and Canaguier, A. and Chauveau, A. and Berard, A. and Deniot, G. and Guan, M. and Liu, Z. and Sun, F. and Lim, Y. P. and Lyons, E. and Town, C. D. and Bancroft, I. and Meng, J. and Ma, J. and Pires, J. C. and King, G. J. and Brunel, D. and Delourme, R. and Renard, M. and Aury, J.-M. and Adams, K. L. and Batley, J. and Snowdon, R. J. and Tost, J. and Edwards, D. and Zhou, Y. and Hua, W. and Sharpe, A. G. and Paterson, A. H. and Guan, C. and Wincker, P.},
  journal={Science},
  note={Citations: 384, Impact Factor: 34.6, JCR Multidisciplinary Sciences 2/62 (Q1), Altmetric score: 175},
  volume={345},
  number={6199},
  pages={950--953},
  year={2014},
  publisher={American Association for the Advancement of Science}
}

@incollection{golicz2015skim,
  title={Skim-based genotyping by sequencing},
  author={Golicz, Agnieszka A and Bayer, Philipp E and Edwards, David},
  booktitle={Plant Genotyping: Methods and Protocols},
  editor={Edwards, David},
  pages={257--270},
  note={Citations: 6},
  year={2015},
  publisher={Springer New York}
}


@article{bayer2015high,
  title={High-resolution skim genotyping by sequencing reveals the distribution of crossovers and gene conversions in \textit{Cicer arietinum} and \textit{Brassica napus}},
  author={Bayer, Philipp E and Ruperao, Pradeep and Mason, Annaliese S and Stiller, Jiri and Chan, Chon-Kit Kenneth and Hayashi, Satomi and Long, Yan and Meng, Jinling and Sutton, Tim and Visendi, Paul and others},
  journal={Theoretical and Applied Genetics},
  note={Citations: 14, Impact Factor: 3.9, JCR Agronomy 5/83 (Q1)},
  volume={128},
  number={6},
  pages={1039--1047},
  year={2015},
  publisher={Springer Berlin Heidelberg}
}

@incollection{bayer2016skim,
  title={Skim-Based Genotyping by Sequencing Using a Double Haploid Population to Call SNPs, Infer Gene Conversions, and Improve Genome Assemblies},
  author={Bayer, Philipp E},
  editor={Edwards, David},
  booktitle={Plant Bioinformatics: Methods and Protocols},
  pages={285--292},
  year={2016},
  publisher={Springer New York}
}

@article{mason2016centromere,
  title={Centromere locations in \textit{Brassica} A and C genomes revealed through half-tetrad analysis},
  author = {Mason, A. S. and Rousseau-Gueutin, M. and Morice, J. and Bayer, P. E. and Besharat, N. and Cousin, A. and Pradhan, A. and Parkin, I. A. P. and Chevre, A.-M. and Batley, J. and Nelson, M. N.},
  note={Citations: 8, Impact Factor: 4.6, JCR Genetics \& Heredity 29/166 (Q1)},
  journal={Genetics},
  volume={202},
  number={2},
  pages={513--523},
  year={2016},
  publisher={Genetics}
}

@article{visendi2016efficient,
  title={An efficient approach to BAC based assembly of complex genomes},
  author={Visendi, Paul and Berkman, Paul J and Hayashi, Satomi and Golicz, Agnieszka A and Bayer, Philipp E and Ruperao, Pradeep and Hurgobin, Bhavna and Montenegro, Juan and Chan, Chon-Kit Kenneth and Sta{\v{n}}kov{\'a}, Helena and others},
  journal={Plant methods},
  volume={12},
  number={1},
  note={Impact Factor: 3.4, JCR Plant Sciences 30/209 (Q1)},
  pages={2},
  year={2016},
  publisher={BioMed Central},
}

@incollection{bayer2016genomics,
  title={Genomics of Salinity},
  author={Bayer, Philipp E},
  booktitle={Plant Genomics and Climate Change},
  editor={Edwards, David and Batley, Jacqueline},
  pages={179--194\vspace{0.3\baselineskip}},
  year={2016},
  publisher={Springer New York}
}

@article{lee2016genome,
  title={The genome of a southern hemisphere seagrass species \textit{Zostera muelleri}},
  author={Lee, HueyTyng and Golicz, Agnieszka A. and Bayer, Philipp and Jiao, Yuannian and Tang, Haibao and Paterson, Andrew H. and Sablok, Gaurav and Krishnaraj, Rahul R. and Chan, Chon-Kit Kenneth and Batley, Jacqueline and Kendrick, Gary A. and Larkum, Anthony William and Ralph, Peter J and Edwards, David}, 
  note={Citations; 3, Impact Factor: 6.28, JCR Plant Sciences 8/209 (Q1), Altmetric score: 6},
  journal={Plant Physiology},
  volume={172},
  number={1},
  pages={272--283},
  year={2016},
  publisher={American Society of Plant Biologists}
}

@article{barash2016candidate,
  title={Candidate gene scan for Single Nucleotide Polymorphisms involved in the determination of normal variability in human craniofacial morphology},
  author={Barash, Mark and Bayer, Philipp E and van Daal, Angela},
  note={Altmetric score: 9},
  journal={bioRxiv},
  pages={060814},
  year={2016},
  publisher={Cold Spring Harbor Labs Journals}
}

@article{hane2017comprehensive,
  title={A comprehensive draft genome sequence for lupin (\textit{Lupinus angustifolius}), an emerging health food: insights into plant--microbe interactions and legume evolution},
  author={Hane, James K. and Ming, Yao and Kamphuis, Lars G. and Nelson, Matthew N. and Garg, Gagan and Atkins, Craig A. and Bayer, Philipp E. and Bravo, Armando and Bringans, Scott and Cannon, Steven and Edwards, David and Foley, Rhonda and Gao, Ling-ling and Harrison, Maria J. and Huang, Wei and Hurgobin, Bhavna and Li, Sean and Liu, Cheng-Wu and McGrath, Annette and Morahan, Grant and Murray, Jeremy and Weller, James and Jian, Jianbo and Singh, Karam B.},
  note={Citations: 6, Impact Factor: 6.09, JCR Plant Sciences 11/209 (Q1), Altmetric score: 15},
  journal={Plant Biotechnology Journal},
  volume={15},
  number={3},
  pages={318--330},
  year={2017}
}

@article{golicz2016pangenome,
  title={The pangenome of an agronomically important crop plant \textit{Brassica oleracea}},
  author={Golicz, Agnieszka A. and Bayer, Philipp E. and Barker, Guy C. and Edger, Patrick P. and Kim, HyeRan and Martinez, Paula A. and Chan, Chon Kit Kenneth and Severn-Ellis, Anita and McCombie, W. Richard and Parkin, Isobel A. P. and Paterson, Andrew H. and Pires, J. Chris and Sharpe, Andrew G. and Tang, Haibao and Teakle, Graham R. and Town, Christopher D. and Batley, Jacqueline and Edwards, David},
  note={Citations: 5, Impact Factor: 11.32, JCR Multidisciplinary Sciences 3/63 (Q1), Altmetric score: 50},
  journal={Nature Communications},
  volume={7},
  pages={13390},
  year={2016},
  publisher={Nature Publishing Group}
}

@article{gacek2017genome,
  title={Genome-wide association study of genetic control of seed fatty acid biosynthesis in \textit{Brassica napus}},
  author={Gacek, Katarzyna and Bayer, Philipp E and Bartkowiak-Broda, Iwona and Szala, Laurencja and Bocianowski, Jaroslav and Edwards, David and Batley, Jacqueline},
  note={Impact Factor: 4.49, JCR Plant Sciences 15/209 (Q1)},
  journal={Frontiers in Plant Science},
  volume={7},
  pages={2062},
  year={2017},
  publisher={Frontiers Media SA}
}

@article{kaur2017advanced,
  title={An advanced reference genome of \textit{Trifolium subterraneum} L. reveals genes related to agronomic performance},
  author={Kaur, Parwinder and Bayer, Philipp E. and Milec, Zbynek and Vrana, Jan and Yuan, Yuxuan and Appels, Rudi and Edwards, David and Batley, Jacqueline and Nichols, Phillip and Erskine, William and Dolezel, Jaroslav},
  note={Impact Factor: 6.09, JCR Plant Sciences 11/209 (Q1), Altmetric score: 15},
  journal={Plant Biotechnology Journal},
  year={2017},
  volume={15},
  number={8},
  pages={1034--1046},
  publisher={Wiley Online Library}
}

@article{montenegro2017pangenome,
  title={The pangenome of hexaploid bread wheat},
  author={Montenegro, Juan D. and Golicz, Agnieszka A. and Bayer, Philipp E. and Hurgobin, Bhavna and Lee, HueyTyng and Chan, Chon-Kit Kenneth and Visendi, Paul and Lai, Kaitao and Dolezel, Jaroslav and Batley, Jacqueline and Edwards, David},
  volume={90},
  note={Best paper award (Plant Journal) 2017 Resource - Bronze, Impact Factor: 5.46, JCR Plant Sciences 13/209 (Q1), Altmetric score: 52},
  number={5},
  pages={1007--1013},
  journal={The Plant Journal},
  year={2017}
}

@article{yuan2017improvements,
  title={Improvements in Genomic Technologies: Application to Crop Genomics},
  author={Yuxuan Yuan and Philipp E. Bayer and Jacqueline Batley and David Edwards},
  volume={35},
  number={6},
  note={Impact Factor: 12.06, JCR Biotechnology and Applied Microbiology 3/161 (Q1), Altmetric score: 7},
  pages={547--558},
  journal={Trends in Biotechnology},
  year ={2017}
}


@article{bayer2017assembly,
  title={Assembly and comparison of two closely related \textit{Brassica napus} genomes},
  author={Bayer, Philipp E and Hurgobin, Bhavna and Golicz, Agnieszka A and Chan, Chon-Kit Kenneth and Yuan, Yuxuan and Lee, HueyTyng and Renton, Michael and Meng, Jinling and Li, Ruiyuan and Long, Yan and others},
  journal={Plant Biotechnology Journal},
  volume={15},
  number={12},
  pages={1602--1610},
  note={Impact Factor: 6.09, JCR Plant Sciences 11/209 (Q1), Altmetric score: 11},
  year={2017}
}

@article{yuan2017runbng,
  title={runBNG: a software package for BioNano genomic analysis on the command line},
  author={Yuan, Yuxuan and Bayer, Philipp E and Lee, Huey-Tyng and Edwards, David},
  journal={Bioinformatics},
  volume={33},
  number={19},
  pages={3107--3109},
  year={2017},
  note={Impact factor: 7.3},
  publisher={Oxford University Press}
}

@article{yuan2017bionanoanalyst,
  title={BioNanoAnalyst: a visualisation tool to assess genome assembly quality using BioNano data},
  author={Yuan, Yuxuan and Bayer, Philipp E and Scheben, Armin and Chan, Chon-Kit Kenneth and Edwards, David},
  journal={BMC Bioinformatics},
  volume={18},
  number={1},
  pages={323},
  year={2017},
  note={Impact factor: 2.4},
  publisher={BioMed Central}
}

@article{kaur2017climate,
  title={Climate Clever Clovers: New Paradigm to Reduce the Environmental Footprint of Ruminants by Breeding Low Methanogenic Forages Utilizing Haplotype Variation},
  author={Kaur, Parwinder and Appels, Rudi and Bayer, Philipp E and Keeble-Gagnere, Gabriel and Wang, Jiankang and Hirakawa, Hideki and Shirasawa, Kenta and Vercoe, Philip and Stefanova, Katia and Durmic, Zoey and others},
  journal={Frontiers in Plant Science},
  volume={8},
  pages={1463},
  year={2017},
  publisher={Frontiers Media SA}
}
@article{hurgobin2018homoeologous,
  title={Homoeologous exchange is a major cause of gene presence/absence variation in the amphidiploid Brassica napus},
  author={Hurgobin, Bhavna and Golicz, Agnieszka A and Bayer, Philipp E and Chan, Chon-Kit Kenneth and Tirnaz, Soodeh and Dolatabadian, Aria and Schiessl, Sarah V and Samans, Birgit and Montenegro, Juan D and Parkin, Isobel AP and others},
  journal={Plant Biotechnology Journal},
    volume={16},
  number={7},
  pages={1265--1274},
  year={2018},
  note={Impact Factor: 6.09, JCR Plant Sciences 11/209 (Q1), Altmetric score: 6},
}

@article{mousavi2018exploring,
  title={Exploring the genetic and adaptive diversity of a pan-Mediterranean crop wild relative: narrow-leafed lupin},
  author={Mousavi-Derazmahalleh, Mahsa and Bayer, Philipp E and Nevado, Bruno and Hurgobin, Bhavna and Filatov, Dmitry and Kilian, Andrzej and Kamphuis, Lars G and Singh, Karam B and Berger, Jens D and Hane, James K and others},
  journal={Theoretical and Applied Genetics},
  volume={131},
  number={4},
  pages={887--901},
  year={2018},
  publisher={Springer}
}

@article{schneider2017establishing,
  title={Establishing a distributed national research infrastructure providing bioinformatics support to life science researchers in Australia},
  author={Schneider, Maria Victoria and Griffin, Philippa C and Tyagi, Sonika and Flannery, Madison and Dayalan, Saravanan and Gladman, Simon and Watson-Haigh, Nathan and Bayer, Philipp E and Charleston, Michael and Cooke, Ira and others},
  journal={Briefings in bioinformatics},
  volume={20},
  number={2},
  pages={384--389},
  year={2017},
  publisher={Oxford University Press}
}

@article{mousavi2019adapting,
  title={Adapting legume crops to climate change using genomic approaches},
  author={Mousavi-Derazmahalleh, Mahsa and Bayer, Philipp E and Hane, James K and Valliyodan, Babu and Nguyen, Henry T and Nelson, Matthew N and Erskine, William and Varshney, Rajeev K and Papa, Roberto and Edwards, David},
  journal={Plant, cell \& environment},
  volume={42},
  number={1},
  pages={6--19},
  year={2019}
}

@article{lee2018genomic,
  title={Genomic comparison of two independent seagrass lineages reveals habitat-driven convergent evolution},
  author={Lee, HueyTyng and Golicz, Agnieszka A and Bayer, Philipp E and Severn-Ellis, Anita A and Chan, Chon-Kit Kenneth and Batley, Jacqueline and Kendrick, Gary A and Edwards, David},
  journal={Journal of experimental botany},
  volume={69},
  number={15},
  pages={3689--3702},
  year={2018},
  note={Impact factor: 5.830},
  publisher={Oxford University Press UK}
}

@article{taylor2019indel,
  title={INDEL variation in the regulatory region of the major flowering time gene LanFTc1 is associated with vernalization response and flowering time in narrow-leafed lupin (Lupinus angustifolius L.)},
  author={Taylor, Candy M and Kamphuis, Lars G and Zhang, Weilu and Garg, Gagan and Berger, Jens D and Mousavi-Derazmahalleh, Mahsa and Bayer, Philipp E and Edwards, David and Singh, Karam B and Cowling, Wallace A and others},
  journal={Plant, cell \& environment},
  volume={42},
  number={1},
  pages={174--187},
  note={Impact Factor: 6.173},
  year={2019}
}



@article{yuan2018large,
  title={Large-scale structural variation detection in subterranean clover subtypes using optical mapping},
  author={Yuan, Yuxuan and Milec, Zbyn{\v{e}}k and Bayer, Philipp E and Vr{\'a}na, Jan and Dole{\v{z}}el, Jaroslav and Edwards, David and Erskine, William and Kaur, Parwinder},
  journal={Frontiers in plant science},
  volume={9},
  year={2018},
  publisher={Frontiers Media SA}
}

@article{the_international_wheat_genome_sequencing_consortium_iwgsc_shifting_2018,
	title = {Shifting the limits in wheat research and breeding using a fully annotated reference genome},
	volume = {361},
	issn = {0036-8075, 1095-9203},
	url = {http://www.sciencemag.org/lookup/doi/10.1126/science.aar7191},
	doi = {10.1126/science.aar7191},
	language = {en},
	number = {6403},
	journal = {Science},
	author = {{The International Wheat Genome Sequencing Consortium (IWGSC)} and {IWGSC RefSeq principal investigators:} and Appels, Rudi and Eversole, Kellye and Feuillet, Catherine and Keller, Beat and Rogers, Jane and Stein, Nils and {IWGSC whole-genome assembly principal investigators:} and Pozniak, Curtis J. and Stein, Nils and Choulet, Frédéric and Distelfeld, Assaf and Eversole, Kellye and Poland, Jesse and Rogers, Jane and Ronen, Gil and Sharpe, Andrew G. and {Whole-genome sequencing and assembly:} and Pozniak, Curtis and Ronen, Gil and Stein, Nils and Barad, Omer and Baruch, Kobi and Choulet, Frédéric and Keeble-Gagnère, Gabriel and Mascher, Martin and Sharpe, Andrew G. and Ben-Zvi, Gil and Josselin, Ambre-Aurore and {Hi-C data-based scaffolding:} and Stein, Nils and Mascher, Martin and Himmelbach, Axel and {Whole-genome assembly quality control and analyses:} and Choulet, Frédéric and Keeble-Gagnère, Gabriel and Mascher, Martin and Rogers, Jane and Balfourier, François and Gutierrez-Gonzalez, Juan and Hayden, Matthew and Josselin, Ambre-Aurore and Koh, ChuShin and Muehlbauer, Gary and Pasam, Raj K. and Paux, Etienne and Pozniak, Curtis J. and Rigault, Philippe and Sharpe, Andrew G. and Tibbits, Josquin and Tiwari, Vijay and {Pseudomolecule assembly:} and Choulet, Frédéric and Keeble-Gagnère, Gabriel and Mascher, Martin and Josselin, Ambre-Aurore and Rogers, Jane and {RefSeq genome structure and gene analyses:} and Spannagl, Manuel and Choulet, Frédéric and Lang, Daniel and Gundlach, Heidrun and Haberer, Georg and Keeble-Gagnère, Gabriel and Mayer, Klaus F. X. and Ormanbekova, Danara and Paux, Etienne and Prade, Verena and Šimková, Hana and Wicker, Thomas and {Automated annotation:} and Choulet, Frédéric and Spannagl, Manuel and Swarbreck, David and Rimbert, Hélène and Felder, Marius and Guilhot, Nicolas and Gundlach, Heidrun and Haberer, Georg and Kaithakottil, Gemy and Keilwagen, Jens and Lang, Daniel and Leroy, Philippe and Lux, Thomas and Mayer, Klaus F. X. and Twardziok, Sven and Venturini, Luca and {Manual gene curation:} and Appels, Rudi and Rimbert, Hélène and Choulet, Frédéric and Juhász, Angéla and Keeble-Gagnère, Gabriel and {Subgenome comparative analyses:} and Choulet, Frédéric and Spannagl, Manuel and Lang, Daniel and Abrouk, Michael and Haberer, Georg and Keeble-Gagnère, Gabriel and Mayer, Klaus F. X. and Wicker, Thomas and {Transposable elements:} and Choulet, Frédéric and Wicker, Thomas and Gundlach, Heidrun and Lang, Daniel and Spannagl, Manuel and {Phylogenomic analyses:} and Lang, Daniel and Spannagl, Manuel and Appels, Rudi and Fischer, Iris and {Transcriptome analyses and RNA-seq data:} and Uauy, Cristobal and Borrill, Philippa and Ramirez-Gonzalez, Ricardo H. and Appels, Rudi and Arnaud, Dominique and Chalabi, Smahane and Chalhoub, Boulos and Choulet, Frédéric and Cory, Aron and Datla, Raju and Davey, Mark W. and Hayden, Matthew and Jacobs, John and Lang, Daniel and Robinson, Stephen J. and Spannagl, Manuel and Steuernagel, Burkhard and Tibbits, Josquin and Tiwari, Vijay and van Ex, Fred and Wulff, Brande B. H. and {Whole-genome methylome:} and Pozniak, Curtis J. and Robinson, Stephen J. and Sharpe, Andrew G. and Cory, Aron and {Histone mark analyses:} and Benhamed, Moussa and Paux, Etienne and Bendahmane, Abdelhafid and Concia, Lorenzo and Latrasse, David and {BAC chromosome MTP IWGSC–Bayer Whole-Genome Profiling (WGP) tags:} and Rogers, Jane and Jacobs, John and Alaux, Michael and Appels, Rudi and Bartoš, Jan and Bellec, Arnaud and Berges, Hélène and Doležel, Jaroslav and Feuillet, Catherine and Frenkel, Zeev and Gill, Bikram and Korol, Abraham and Letellier, Thomas and Olsen, Odd-Arne and Šimková, Hana and Singh, Kuldeep and Valárik, Miroslav and van der Vossen, Edwin and Vautrin, Sonia and Weining, Song and {Chromosome LTC mapping and physical mapping quality control:} and Korol, Abraham and Frenkel, Zeev and Fahima, Tzion and Glikson, Vladimir and Raats, Dina and Rogers, Jane and {RH mapping:} and Tiwari, Vijay and Gill, Bikram and Paux, Etienne and Poland, Jesse and {Optical mapping:} and Doležel, Jaroslav and Číhalíková, Jarmila and Šimková, Hana and Toegelová, Helena and Vrána, Jan and {Recombination analyses:} and Sourdille, Pierre and Darrier, Benoit and {Gene family analyses:} and Appels, Rudi and Spannagl, Manuel and Lang, Daniel and Fischer, Iris and Ormanbekova, Danara and Prade, Verena and {CBF gene family:} and Barabaschi, Delfina and Cattivelli, Luigi and {Dehydrin gene family:} and Hernandez, Pilar and Galvez, Sergio and Budak, Hikmet and {NLR gene family:} and Steuernagel, Burkhard and Jones, Jonathan D. G. and Witek, Kamil and Wulff, Brande B. H. and Yu, Guotai and {PPR gene family:} and Small, Ian and Melonek, Joanna and Zhou, Ruonan and {Prolamin gene family:} and Juhász, Angéla and Belova, Tatiana and Appels, Rudi and Olsen, Odd-Arne and {WAK gene family:} and Kanyuka, Kostya and King, Robert and {Stem solidness (SSt1) QTL team:} and Nilsen, Kirby and Walkowiak, Sean and Pozniak, Curtis J. and Cuthbert, Richard and Datla, Raju and Knox, Ron and Wiebe, Krysta and Xiang, Daoquan and {Flowering locus C (FLC) gene team:} and Rohde, Antje and Golds, Timothy and {Genome size analysis:} and Doležel, Jaroslav and Čížková, Jana and Tibbits, Josquin and {MicroRNA and tRNA annotation:} and Budak, Hikmet and Akpinar, Bala Ani and Biyiklioglu, Sezgi and {Genetic maps and mapping:} and Muehlbauer, Gary and Poland, Jesse and Gao, Liangliang and Gutierrez-Gonzalez, Juan and N’Daiye, Amidou and {BAC libraries and chromosome sorting:} and Doležel, Jaroslav and Šimková, Hana and Číhalíková, Jarmila and Kubaláková, Marie and Šafář, Jan and Vrána, Jan and {BAC pooling, BAC library repository, and access:} and Berges, Hélène and Bellec, Arnaud and Vautrin, Sonia and {IWGSC sequence and data repository and access:} and Alaux, Michael and Alfama, Françoise and Adam-Blondon, Anne-Françoise and Flores, Raphael and Guerche, Claire and Letellier, Thomas and Loaec, Mikaël and Quesneville, Hadi and {Physical maps and BAC-based sequences:} and {1A BAC sequencing and assembly:} and Pozniak, Curtis J. and Sharpe, Andrew G. and Walkowiak, Sean and Budak, Hikmet and Condie, Janet and Ens, Jennifer and Koh, ChuShin and Maclachlan, Ron and Tan, Yifang and Wicker, Thomas and {1B BAC sequencing and assembly:} and Choulet, Frédéric and Paux, Etienne and Alberti, Adriana and Aury, Jean-Marc and Balfourier, François and Barbe, Valérie and Couloux, Arnaud and Cruaud, Corinne and Labadie, Karine and Mangenot, Sophie and Wincker, Patrick and {1D, 4D, and 6D physical mapping:} and Gill, Bikram and Kaur, Gaganpreet and Luo, Mingcheng and Sehgal, Sunish and {2AL physical mapping:} and Singh, Kuldeep and Chhuneja, Parveen and Gupta, Om Prakash and Jindal, Suruchi and Kaur, Parampreet and Malik, Palvi and Sharma, Priti and Yadav, Bharat and {2AS physical mapping:} and Singh, Nagendra K. and Khurana, JitendraP. and Chaudhary, Chanderkant and Khurana, Paramjit and Kumar, Vinod and Mahato, Ajay and Mathur, Saloni and Sevanthi, Amitha and Sharma, Naveen and Tomar, Ram Sewak and {2B, 2D, 4B, 5BL, and 5DL IWGSC–Bayer Whole-Genome Profiling (WGP) physical maps:} and Rogers, Jane and Jacobs, John and Alaux, Michael and Bellec, Arnaud and Berges, Hélène and Doležel, Jaroslav and Feuillet, Catherine and Frenkel, Zeev and Gill, Bikram and Korol, Abraham and van der Vossen, Edwin and Vautrin, Sonia and {3AL physical mapping:} and Gill, Bikram and Kaur, Gaganpreet and Luo, Mingcheng and Sehgal, Sunish and {3DS physical mapping and BAC sequencing and assembly:} and Bartoš, Jan and Holušová, Kateřina and Plíhal, Ondřej and {3DL BAC sequencing and assembly:} and Clark, Matthew D. and Heavens, Darren and Kettleborough, George and Wright, Jon and {4A physical mapping, BAC sequencing, assembly, and annotation:} and Valárik, Miroslav and Abrouk, Michael and Balcárková, Barbora and Holušová, Kateřina and Hu, Yuqin and Luo, Mingcheng and {5BS BAC sequencing and assembly:} and Salina, Elena and Ravin, Nikolai and Skryabin, Konstantin and Beletsky, Alexey and Kadnikov, Vitaly and Mardanov, Andrey and Nesterov, Michail and Rakitin, Andrey and Sergeeva, Ekaterina and {6B BAC sequencing and assembly:} and Handa, Hirokazu and Kanamori, Hiroyuki and Katagiri, Satoshi and Kobayashi, Fuminori and Nasuda, Shuhei and Tanaka, Tsuyoshi and Wu, Jianzhong and {7A physical mapping and BAC sequencing:} and Appels, Rudi and Hayden, Matthew and Keeble-Gagnère, Gabriel and Rigault, Philippe and Tibbits, Josquin and {7B physical mapping, BAC sequencing, and assembly:} and Olsen, Odd-Arne and Belova, Tatiana and Cattonaro, Federica and Jiumeng, Min and Kugler, Karl and Mayer, Klaus F. X. and Pfeifer, Matthias and Sandve, Simen and Xun, Xu and Zhan, Bujie and {7DS BAC sequencing and assembly:} and Šimková, Hana and Abrouk, Michael and Batley, Jacqueline and Bayer, Philipp E. and Edwards, David and Hayashi, Satomi and Toegelová, Helena and Tulpová, Zuzana and Visendi, Paul and {7DL physical mapping and BAC sequencing:} and Weining, Song and Cui, Licao and Du, Xianghong and Feng, Kewei and Nie, Xiaojun and Tong, Wei and Wang, Le and {Figures:} and Borrill, Philippa and Gundlach, Heidrun and Galvez, Sergio and Kaithakottil, Gemy and Lang, Daniel and Lux, Thomas and Mascher, Martin and Ormanbekova, Danara and Prade, Verena and Ramirez-Gonzalez, Ricardo H. and Spannagl, Manuel and Stein, Nils and Uauy, Cristobal and Venturini, Luca and {Manuscript writing team:} and Stein, Nils and Appels, Rudi and Eversole, Kellye and Rogers, Jane and Borrill, Philippa and Cattivelli, Luigi and Choulet, Frédéric and Hernandez, Pilar and Kanyuka, Kostya and Lang, Daniel and Mascher, Martin and Nilsen, Kirby and Paux, Etienne and Pozniak, Curtis J. and Ramirez-Gonzalez, Ricardo H. and Šimková, Hana and Small, Ian and Spannagl, Manuel and Swarbreck, David and Uauy, Cristobal},
	month = aug,
	year = {2018},
	pages = {eaar7191}
}


@article{ramirez-gonzalez_transcriptional_2018,
	title = {The transcriptional landscape of polyploid wheat},
	volume = {361},
	issn = {0036-8075, 1095-9203},
	url = {http://www.sciencemag.org/lookup/doi/10.1126/science.aar6089},
	doi = {10.1126/science.aar6089},
	language = {en},
	number = {6403},
	journal = {Science},
	author = {Ramírez-González, R. H. and Borrill, P. and Lang, D. and Harrington, S. A. and Brinton, J. and Venturini, L. and Davey, M. and Jacobs, J. and van Ex, F. and Pasha, A. and Khedikar, Y. and Robinson, S. J. and Cory, A. T. and Florio, T. and Concia, L. and Juery, C. and Schoonbeek, H. and Steuernagel, B. and Xiang, D. and Ridout, C. J. and Chalhoub, B. and Mayer, K. F. X. and Benhamed, M. and Latrasse, D. and Bendahmane, A. and {International Wheat Genome Sequencing Consortium} and Wulff, B. B. H. and Appels, R. and Tiwari, V. and Datla, R. and Choulet, F. and Pozniak, C. J. and Provart, N. J. and Sharpe, A. G. and Paux, E. and Spannagl, M. and Bräutigam, A. and Uauy, C.},
	month = aug,
	year = {2018},
	pages = {eaar6089}
}
@article{mousavi2018western,
  title={The western Mediterranean region provided the founder population of domesticated narrow-leafed lupin},
  author={Mousavi-Derazmahalleh, Mahsa and Nevado, Bruno and Bayer, Philipp E and Filatov, Dmitry A and Hane, James K and Edwards, David and Erskine, William and Nelson, Matthew N},
  journal={Theoretical and Applied Genetics},
  volume={131},
  number={12},
  pages={2543--2554},
  year={2018},
  publisher={Springer}
}


@article{bayer2019variation,
  title={Variation in abundance of predicted resistance genes in the Brassica oleracea pangenome},
  author={Bayer, Philipp E and Golicz, Agnieszka A and Tirnaz, Soodeh and Chan, Chon-Kit Kenneth and Edwards, David and Batley, Jacqueline},
  journal={Plant biotechnology journal},
  volume={17},
  number={4},
  pages={789--800},
  year={2019},
}

@article{bayer2018bias,
  title={Bias in resistance gene prediction due to repeat masking},
  author={Bayer, Philipp E and Edwards, David and Batley, Jacqueline},
  journal={Nature Plants},
  volume={4},
  number={10},
  pages={762},
  year={2018},
  publisher={Nature Publishing Group}
}


@article{melonek2019high,
  title={High intraspecific diversity of Restorer-of-fertility-like genes in barley},
  author={Melonek, Joanna and Zhou, Ruonan and Bayer, Philipp E and Edwards, David and Stein, Nils and Small, Ian},
  journal={The Plant Journal},
  volume={97},
  number={2},
  pages={281--295},
  year={2019},
  publisher={Wiley Online Library}
}

@article{scheben2019cropsnpdb,
  title={CropSNPdb: a database of SNP array data for Brassica crops and hexaploid bread wheat},
  author={Scheben, Armin and Verpaalen, Brent and Lawley, Cynthia T and Chan, Chon-Kit K and Bayer, Philipp E and Batley, Jacqueline and Edwards, David},
  journal={The Plant Journal},
  volume={98},
  number={1},
  pages={142--152},
  year={2019},
  publisher={Wiley Online Library}
}


@article{anderson2019,
  title={Genome-Wide Association Studies in Plants},
  author={Anderson, Robyn and Edwards, David and Batley, Jacqueline and Bayer, Philipp Emanuel},
  journal={eLS},
  pages={1--7},
  year={2019},
  publisher={Wiley Online Library}
}

@article{Kreplak2019,
  doi = {10.1038/s41588-019-0480-1},
  url = {https://doi.org/10.1038/s41588-019-0480-1},
  year = {2019},
  month = sep,
  publisher = {Springer Science and Business Media {LLC}},
  volume = {51},
  number = {9},
  pages = {1411--1422},
  author = {Jonathan Kreplak and Mohammed-Amin Madoui and Petr C{\'{a}}pal and Petr Nov{\'{a}}k and Karine Labadie and Gr{\'{e}}goire Aubert and Philipp E. Bayer and Krishna K. Gali and Robert A. Syme and Dorrie Main and Anthony Klein and Aur{\'{e}}lie B{\'{e}}rard and Iva Vrbov{\'{a}} and Cyril Fournier and Leo d'Agata and Caroline Belser and Wahiba Berrabah and Helena Toegelov{\'{a}} and Zbyn{\v{e}}k Milec and Jan Vr{\'{a}}na and HueyTyng Lee and Ayit{\'{e}} Kougbeadjo and Morgane T{\'{e}}r{\'{e}}zol and C{\'{e}}cile Huneau and Chala J. Turo and Nacer Mohellibi and Pavel Neumann and Matthieu Falque and Karine Gallardo and Rebecca McGee and Bunyamin Tar'an and Abdelhafid Bendahmane and Jean-Marc Aury and Jacqueline Batley and Marie-Christine Le Paslier and Noel Ellis and Thomas D. Warkentin and Clarice J. Coyne and J{\'{e}}rome Salse and David Edwards and Judith Lichtenzveig and Ji{\v{r}}{\'{\i}} Macas and Jaroslav Dole{\v{z}}el and Patrick Wincker and Judith Burstin},
  title = {A reference genome for pea provides insight into legume genome evolution},
  journal = {Nature Genetics}
}

@article{Valliyodan2019,
  doi = {10.1111/tpj.14500},
  url = {https://doi.org/10.1111/tpj.14500},
  year = {2019},
  month = aug,
  publisher = {Wiley},
  author = {Babu Valliyodan and Steven B. Cannon and Philipp E. Bayer and Shengqiang Shu and Anne V. Brown and Longhui Ren and Jerry Jenkins and Claire Yik-Lok Chung and Ting-Fung Chan and Christopher G. Daum and Christopher Plott and Alex Hastie and Kobi Baruch and Kerrie W. Barry and Wei Huang and Gunvant Patil and Rajeev K. Varshney and Haifei Hu and Jacqueline Batley and Yuxuan Yuan and Qijian Song and Robert M. Stupar and David M. Goodstein and Gary Stacey and Hon-Ming Lam and Scott A. Jackson and Jeremy Schmutz and Jane Grimwood and David Edwards and Henry T. Nguyen},
  title = {Construction and comparison of three reference-quality genome assemblies for soybean},
  journal = {The Plant Journal}
}
@article{Mousavi2019,
        title = {Prediction of pathogenicity genes involved in adaptation to a lupin host in the fungal pathogens Botrytis cinerea and Sclerotinia sclerotiorum via comparative genomics.},
        author = {Mousavi-Derazmahalleh M and Chang S and Thomas G and Derbyshire M and Bayer PE and Edwards D and Nelson MN and Erskine W and Lopez-Ruiz FJ and Clements J and Hane JK},
        doi = {10.1186/s12864-019-5774-2},
        journal = {BMC genomics},
        month = {05},
        year = {2019}
}

@article{Dolatabadian_2019,
        doi = {10.1111/pbi.13262},
        url = {https://doi.org/10.111/pbi.13262},
        year = {2019},
        month = {08},
        publisher = {Wiley},
        author = {Aria Dolatabadian and Philipp E. Bayer and Soodeh Tirnaz and Bhavna Hurgobin and David Edwards and Jacqueline Batley},
        title = {Characterisation of disease resistance genes in the
                                    Brassica napus
                                    pangenome reveals significant structural variation},
        journal = {Plant Biotechnology Journal}
}
@article{Tahghighi2019,
  title     = "Genetic diversity linked to haplotype variation in the world core collection of Trifolium subterraneum for boron toxicity tolerance provides valuable marker
      s for pasture breeding",
  author    = "Hediyeh Tahghighi and William Erskine and Rick Bennett and Philipp E. Bayer and {Pazos Navarro}, Maria and Parwinder Kaur",
  year      = "2019",
  month     = "8",
  day       = "30",
  doi       = "10.3389/fpls.2019.01043",
  language  = "English",
  volume    = "10",
  pages     = "1--19",
  journal   = "Frontiers in Plant Science",
}

@article{valliyodan2019construction,
  title={Construction and comparison of three reference-quality genome assemblies for soybean},
  author={Valliyodan, Babu and Cannon, Steven B and Bayer, Philipp E and Shu, Shengqiang and Brown, Anne V and Ren, Longhui and Jenkins, Jerry and Chung, Claire Y-L and Chan, Ting-Fung and Daum, Christopher G and others},
  journal={The Plant Journal},
  volume={100},
  number={5},
  pages={1066--1082},
  year={2019}
}

@article{kreplak2019reference,
  title={A reference genome for pea provides insight into legume genome evolution},
  author={Kreplak, Jonathan and Madoui, Mohammed-Amin and C{\'a}pal, Petr and Nov{\'a}k, Petr and Labadie, Karine and Aubert, Gr{\'e}goire and Bayer, Philipp E and Gali, Krishna K and Syme, Robert A and Main, Dorrie and others},
  journal={Nature genetics},
  volume={51},
  number={9},
  pages={1411--1422},
  year={2019},
  publisher={Nature Publishing Group}
}

@article{dolatabadian2020characterization,
  title={Characterization of disease resistance genes in the Brassica napus pangenome reveals significant structural variation},
  author={Dolatabadian, Aria and Bayer, Philipp E and Tirnaz, Soodeh and Hurgobin, Bhavna and Edwards, David and Batley, Jacqueline},
  journal={Plant biotechnology journal},
  volume={18},
  number={4},
  pages={969--982},
  year={2020}
}

@article{golicz2020pangenomics,
  title={Pangenomics comes of age: From bacteria to plant and animal applications},
  author={Golicz, Agnieszka A and Bayer, Philipp E and Bhalla, Prem L and Batley, Jacqueline and Edwards, David},
  journal={Trends in Genetics},
  volume={36},
  number={2},
  pages={132--145},
  year={2020},
  publisher={Elsevier Current Trends}
}

@incollection{anderson2020method,
  title={Method for Genome-Wide Association Study: A Soybean Example},
  author={Anderson, Robyn and Fernandez, Cassandria Tay and Yuan, Yuxuan and Golicz, Agnieszka A and Edwards, David and Bayer, Philipp E},
  booktitle={Legume Genomics},
  pages={147--158},
  year={2020},
  publisher={Humana, New York, NY}
}

@incollection{hu2020legume,
  title={Legume Pangenome Construction Using an Iterative Mapping and Assembly Approach},
  author={Hu, Haifei and Yuan, Yuxuan and Bayer, Philipp E and Fernandez, Cassandria T and Scheben, Armin and Golicz, Agnieszka A and Edwards, David},
  booktitle={Legume Genomics},
  pages={35--47},
  year={2020},
  publisher={Humana, New York, NY}
}

@article{danilevicz2020plant,
  title={Plant pangenomics: approaches, applications and advancements},
  author={Danilevicz, Monica Furaste and Fernandez, Cassandria Geraldine Tay and Marsh, Jacob Ian and Bayer, Philipp Emanuel and Edwards, David},
  journal={Current Opinion in Plant Biology},
  volume={54},
  pages={18--25},
  year={2020},
  publisher={Elsevier Current Trends}
}

@article{zhao2020trait,
  title={Trait associations in the pangenome of pigeon pea (Cajanus cajan)},
  author={Zhao, Junliang and Bayer, Philipp E and Ruperao, Pradeep and Saxena, Rachit K and Khan, Aamir W and Golicz, Agnieszka A and Nguyen, Henry T and Batley, Jacqueline and Edwards, David and Varshney, Rajeev K},
  journal={Plant Biotechnology Journal},
  year={2020}
}

@article{anderson2020climate,
  title={Climate change and the need for agricultural adaptation},
  author={Anderson, Robyn and Bayer, Philipp E and Edwards, David},
  journal={Current Opinion in Plant Biology},
  year={2020},
  publisher={Elsevier Current Trends}
}

@article{yuan2020refka,
  title={RefKA: A fast and efficient long-read genome assembly approach for large and complex genomes},
  author={Yuan, Yuxuan and Bayer, Philipp E and Anderson, Robyn and Lee, HueyTyng and Chan, Chon-Kit Kenneth and Zhao, Ruolan and Batley, Jacqueline and Edwards, David},
  journal={BioRxiv},
  year={2020},
  publisher={Cold Spring Harbor Laboratory}
}

@article{furaste2020plant,
  title={Plant pangenomics: approaches, applications and advancements},
  author={Furaste Danilevicz, Monica and Danilevicz, Monica Furaste and Tay Fernandez, Cassandria Geraldine and Marsh, Jacob Ian and Bayer, Philipp Emanuel and Edwards, David},
  year={2020}
}

@article{bayer2020plant,
  title={Plant pan-genomes are the new reference},
  author={Bayer, Philipp E and Golicz, Agnieszka A and Scheben, Armin and Batley, Jacqueline and Edwards, David},
  journal={Nat. Plants},
  volume={6},
  pages={914--920},
  year={2020}
}

@article{tirnaz2020effect,
  title={Effect of Leptosphaeria maculans infection on promoter DNA methylation of defence genes in Brassica napus},
  author={Tirnaz, Soodeh and Merce, Clementine and Bayer, Philipp E and Severn-Ellis, Anita A and Edwards, David and Batley, Jacqueline},
  journal={Agronomy},
  volume={10},
  number={8},
  pages={1072},
  year={2020},
  publisher={Multidisciplinary Digital Publishing Institute}
}

@article{inturrisi2020genome,
  title={Genome-wide identification and comparative analysis of resistance genes in Brassica juncea},
  author={Inturrisi, Fabian and Bayer, Philipp E and Yang, Hua and Tirnaz, Soodeh and Edwards, David and Batley, Jacqueline},
  journal={Molecular Breeding},
  volume={40},
  number={8},
  pages={1--14},
  year={2020},
  publisher={Springer Netherlands}
}

@article{tirnaz2020resistance,
  title={Resistance gene analogs in the Brassicaceae: Identification, characterization, distribution, and evolution},
  author={Tirnaz, Soodeh and Bayer, Philipp E and Inturrisi, Fabian and Zhang, Fangning and Yang, Hua and Dolatabadian, Aria and Neik, Ting X and Severn-Ellis, Anita and Patel, Dhwani A and Ibrahim, Muhammad I and others},
  journal={Plant Physiology},
  volume={184},
  number={2},
  pages={909--922},
  year={2020},
  publisher={American Society of Plant Biologists}
}

@article{merce2020induced,
  title={Induced Methylation in Plants as a Crop Improvement Tool: Progress and Perspectives},
  author={Merc{\'e}, Cl{\'e}mentine and Bayer, Philipp E and Tay Fernandez, Cassandria and Batley, Jacqueline and Edwards, David},
  journal={Agronomy},
  volume={10},
  number={10},
  pages={1484},
  year={2020},
  publisher={Multidisciplinary Digital Publishing Institute}
}

@article{bayer2020machine,
  title={Machine learning in agriculture: from silos to marketplaces},
  author={Bayer, Philipp E and Edwards, David},
  journal={Plant Biotechnology Journal},
  year={2020}
}

@article{li2020assembly,
  title={Assembly of the non-heading pak choi genome and comparison with the genomes of heading Chinese cabbage and the oilseed yellow sarson},
  author={Li, Peirong and Su, Tongbing and Zhao, Xiuyun and Wang, Weihong and Zhang, Deshuang and Yu, Yangjun and Bayer, Philipp E and Edwards, David and Yu, Shuancang and Zhang, Fenglan},
  journal={Plant Biotechnology Journal},
  year={2020},
  publisher={John Wiley \& Sons, Ltd}
}
@incollection{danilevicz2021high,
  title={High-Throughput Genotyping Technologies in Plant Taxonomy},
  author={Danilevicz, Monica F and Fernandez, Cassandria G Tay and Marsh, Jacob I and Bayer, Philipp E and Edwards, David},
  booktitle={Molecular Plant Taxonomy},
  pages={149--166},
  year={2021},
  publisher={Humana, New York, NY}
}

@article{yang2021genome,
  title={Genome-Wide Identification and Evolution of Receptor-Like Kinases (RLKs) and Receptor like Proteins (RLPs) in Brassica juncea},
  author={Yang, Hua and Bayer, Philipp E and Tirnaz, Soodeh and Edwards, David and Batley, Jacqueline},
  journal={Biology},
  volume={10},
  number={1},
  pages={17},
  year={2021},
  publisher={Multidisciplinary Digital Publishing Institute}
}

@article{valliyodan2021genetic,
  title={Genetic variation among 481 diverse soybean accessions, inferred from genomic re-sequencing},
  author={Valliyodan, Babu and Brown, Anne V and Wang, Juexin and Patil, Gunvant and Liu, Yang and Otyama, Paul I and Nelson, Rex T and Vuong, Tri and Song, Qijian and Musket, Theresa A and others},
  journal={Scientific data},
  volume={8},
  number={1},
  pages={1--9},
  year={2021},
  publisher={Nature Publishing Group}
}

@article{yang2021candidate,
  title={Candidate Rlm6 resistance genes against Leptosphaeria. maculans identified through a genome-wide association study in Brassica juncea (L.) Czern},
  author={Yang, Hua and Saad, Nur Shuhadah Mohd and Ibrahim, Muhammad Ishaq and Bayer, Philipp E and Neik, Ting Xiang and Severn-Ellis, Anita A and Pradhan, Aneeta and Tirnaz, Soodeh and Edwards, David and Batley, Jacqueline},
  journal={Theoretical and Applied Genetics},
  pages={1--16},
  year={2021},
  publisher={Springer Berlin Heidelberg}
}
@article{yuan2021current,
  title={Current status of structural variation studies in plants},
  author={Yuan, Yuxuan and Bayer, Philipp and Batley, Jacqueline and Edwards, David},
  journal={Plant Biotechnology Journal},
  publisher={Wiley Online Library}
}

@article{bayer2021sequencing,
  title={Sequencing the USDA core soybean collection reveals gene loss during domestication and breeding},
  author={Bayer, Philipp E and Valliyodan, Babu and Hu, Haifei and Marsh, Jacob I and Yuan, Yuxuan and Vuong, Tri D and Patil, Gunvant and Song, Qijian and Batley, Jacqueline and Varshney, Rajeev K and others},
  journal={The Plant Genome},
  pages={Art--e20109},
  year={2021},
  publisher={Wiley Periodicals LLC on behalf of Crop Science Society of America}
}

@article{danilevicz2021resources,
  title={Resources for image-based high-throughput phenotyping in crops and data sharing challenges},
  author={Danilevicz, Monica F and Bayer, Philipp E and Nestor, Benjamin J and Bennamoun, Mohammed and Edwards, David},
  journal={Plant Physiology},
  year={2021}
}

@article{ewere2021marine,
  title={Marine heatwaves have minimal influence on the quality of adult Sydney rock oyster flesh},
  author={Ewere, Endurance E and Rosic, Nedeljka and Bayer, Philipp E and Ngangbam, Ajit and Edwards, David and Kelaher, Brendan P and Mamo, Lea T and Benkendorff, Kirsten},
  journal={Science of The Total Environment},
  pages={148846},
  year={2021},
  publisher={Elsevier}
}

@article{rijzaani2021pangenome,
  title={The pangenome of banana highlights differences between genera and genomes},
  author={Rijzaani, Habib and Bayer, Philipp E and Rouard, Mathieu and Dole{\v{z}}el, Jaroslav and Batley, Jacqueline and Edwards, David},
  journal={The Plant Genome},
  year={2021},
  publisher={Wiley}
}

@article{bayer2021application,
  title={The application of pangenomics and machine learning in genomic selection in plants},
  author={Bayer, Philipp E and Petereit, Jakob and Danilevicz, Monica Furaste and Anderson, Robyn and Batley, Jacqueline and Edwards, David},
  journal={The Plant Genome},
  pages={e20112},
  year={2021}
}

@article{vranken2021genotype,
  title={Genotype-environment mismatch of kelp forests under climate change},
  author={Vranken, Sofie and Wernberg, Thomas and Scheben, Armin and Severn-Ellis, Anita and Batley, Jacqueline and Bayer, Philipp Emanuel and Edwards, David and Wheeler, David and Coleman, Melinda Ann},
  journal={Molecular Ecology},
  year={2021}
}

@article{bayer2021modelling,
  title={Modelling of gene loss propensity in the pangenomes of three Brassica species suggests different mechanisms between polyploids and diploids},
  author={Bayer, Philipp E and Scheben, Armin and Golicz, Agnieszka A and Yuan, Yuxuan and Faure, Sebastien and Lee, HueyTyng and Chawla, Harmeet Singh and Anderson, Robyn and Bancroft, Ian and Raman, Harsh and others},
  journal={Plant Biotechnology Journal},
  year={2021}
}

@article{hu2021amborella,
  title={Amborella gene presence/absence variation is associated with abiotic stress responses that may contribute to environmental adaptation},
  author={Hu, Haifei and Scheben, Armin and Verpaalen, Brent and Tirnaz, Soodeh and Bayer, Philipp E and Hodel, Richard GJ and Batley, Jacqueline and Soltis, Douglas E and Soltis, Pamela S and Edwards, David},
  journal={New Phytologist},
  year={2021}
}

